<record><leader>00000cas a22000007a 4500</leader><controlfield tag="001">9315852</controlfield><controlfield tag="008">830316d18401841mauwr ne      0    0eng d</controlfield><datafield ind1=" " ind2=" " tag="010"><subfield code="a">sn 83020317 </subfield></datafield><datafield ind1=" " ind2=" " tag="040"><subfield code="a">NPX</subfield><subfield code="b">eng</subfield><subfield code="c">NPX</subfield><subfield code="d">DLC</subfield><subfield code="d">MGN</subfield><subfield code="d">KRTAS</subfield><subfield code="d">DLC</subfield><subfield code="d">OCLCF</subfield><subfield code="d">OCLCO</subfield></datafield><datafield ind1="1" ind2=" " tag="029"><subfield code="a">AU@</subfield><subfield code="b">000025790310</subfield></datafield><datafield ind1=" " ind2=" " tag="042"><subfield code="a">msc</subfield></datafield><datafield ind1=" " ind2=" " tag="043"><subfield code="a">n-us-ma</subfield></datafield><datafield ind1="0" ind2="0" tag="050"><subfield code="a">Newspaper</subfield></datafield><datafield ind1="0" ind2="0" tag="245"><subfield code="a">Dedham patriot &amp; Roxbury Democrat.</subfield></datafield><datafield ind1="1" ind2="0" tag="246"><subfield code="a">Dedham patriot and Roxbury Democrat</subfield></datafield><datafield ind1="1" ind2="3" tag="246"><subfield code="a">Patriot &amp; Democrat</subfield></datafield><datafield ind1="1" ind2="0" tag="246"><subfield code="a">Patriot and Democrat</subfield></datafield><datafield ind1=" " ind2=" " tag="260"><subfield code="a">Roxbury [i.e. Boston, Mass. :</subfield><subfield code="b">Samuel G. Goodrich],</subfield><subfield code="c">1840-</subfield></datafield><datafield ind1=" " ind2=" " tag="300"><subfield code="a">v. ;</subfield><subfield code="c">55-58 cm.</subfield></datafield><datafield ind1=" " ind2=" " tag="310"><subfield code="a">Weekly</subfield></datafield><datafield ind1="0" ind2=" " tag="362"><subfield code="a">Vol. 1, no. 1 (Jan. 1, 1840)-</subfield></datafield><datafield ind1="1" ind2=" " tag="362"><subfield code="a">Ceased in 1841. Cf. Dedham gazette, Feb. 3, 1855.</subfield></datafield><datafield ind1=" " ind2=" " tag="500"><subfield code="a">Editor: Warren B. Ewer, &lt;1840&gt;.</subfield></datafield><datafield ind1=" " ind2=" " tag="500"><subfield code="a">Publisher's name recorded in Norfolk County gazette, Oct. 15, 1870.</subfield></datafield><datafield ind1=" " ind2=" " tag="500"><subfield code="a">Published simultaneously at Dedham, Mass.</subfield></datafield><datafield ind1=" " ind2=" " tag="500"><subfield code="a">Whig.</subfield></datafield><datafield ind1=" " ind2="0" tag="651"><subfield code="a">Boston (Mass.)</subfield><subfield code="v">Newspapers.</subfield></datafield><datafield ind1=" " ind2="7" tag="655"><subfield code="a">Newspapers.</subfield><subfield code="2">fast</subfield><subfield code="0">(OCoLC)fst01423814</subfield></datafield><datafield ind1=" " ind2="7" tag="651"><subfield code="a">Massachusetts</subfield><subfield code="z">Boston.</subfield><subfield code="2">fast</subfield><subfield code="0">(OCoLC)fst01205012</subfield></datafield><datafield ind1="1" ind2=" " tag="700"><subfield code="a">Ewer, Warren B.</subfield></datafield><datafield ind1=" " ind2=" " tag="752"><subfield code="a">United States</subfield><subfield code="b">Massachusetts</subfield><subfield code="c">Suffolk</subfield><subfield code="d">Boston.</subfield></datafield><datafield ind1=" " ind2=" " tag="752"><subfield code="a">United States</subfield><subfield code="b">Massachusetts</subfield><subfield code="c">Suffolk</subfield><subfield code="d">Roxbury.</subfield></datafield><datafield ind1=" " ind2=" " tag="752"><subfield code="a">United States</subfield><subfield code="b">Massachusetts</subfield><subfield code="c">Norfolk</subfield><subfield code="d">Dedham.</subfield></datafield><datafield ind1="0" ind2="0" tag="780"><subfield code="t">Dedham patriot, and Canton gazette</subfield><subfield code="w">(DLC)sn 83020315</subfield><subfield code="w">(OCoLC)9315539</subfield></datafield><datafield ind1="0" ind2="0" tag="785"><subfield code="t">Patriot and Democrat (Roxbury, Mass.)</subfield><subfield code="w">(DLC)sn 83020318</subfield><subfield code="w">(OCoLC)9315944</subfield></datafield><datafield ind1=" " ind2=" " tag="938"><subfield code="a">Kirtas Technologies, Inc.</subfield><subfield code="b">KRTS</subfield><subfield code="n">736276</subfield></datafield></record>